@book{kreyszig2010advanced,
  title={Advanced Engineering Mathematics},
  author={Kreyszig, E.},
  isbn={9780470458365},
  lccn={2011287100},
  url={https://books.google.co.uk/books?id=UnN8DpXI74EC},
  year={2010},
  publisher={John Wiley \& Sons}
}

@misc{LovelessGuido2021,
title = {Review of numerical inversion techniques of the z-transform},
year = {2021},
month = {November},
day = {27},
author = {Benjamin Loveless and Guido Germano},
note = {Working Paper}
}


@inproceedings{Phelan2018Thesis,
  title={Fourier transform methods for the pricing of barrier options and other exotic derivatives},
  author={Carolyn E. Phelan},
  year={2018},
  url={https://api.semanticscholar.org/CorpusID:104293453}
}